<record><leader>00000cas a22000007a 4500</leader><controlfield tag="001">33812306</controlfield><controlfield tag="008">951128d19481951cauwr ne      0    0eng d</controlfield><datafield ind1=" " ind2=" " tag="010"><subfield code="a">sn 95062422 </subfield></datafield><datafield ind1=" " ind2=" " tag="040"><subfield code="a">CNK</subfield><subfield code="b">eng</subfield><subfield code="c">CNK</subfield><subfield code="d">OCLCQ</subfield><subfield code="d">OCLCF</subfield><subfield code="d">OCLCO</subfield></datafield><datafield ind1="1" ind2=" " tag="029"><subfield code="a">AU@</subfield><subfield code="b">000025879305</subfield></datafield><datafield ind1=" " ind2=" " tag="042"><subfield code="a">msc</subfield></datafield><datafield ind1=" " ind2=" " tag="043"><subfield code="a">n-us-ca</subfield></datafield><datafield ind1="0" ind2=" " tag="130"><subfield code="a">Tribune (Pacific Grove, Calif.)</subfield></datafield><datafield ind1="1" ind2="0" tag="245"><subfield code="a">Tribune.</subfield></datafield><datafield ind1="3" ind2=" " tag="246"><subfield code="a">Tribune of beautiful Pacific Grove on Monterey Bay</subfield></datafield><datafield ind1="1" ind2="7" tag="246"><subfield code="a">Pacific Grove tribune</subfield></datafield><datafield ind1=" " ind2=" " tag="260"><subfield code="a">Pacific Grove, Monterey County, Calif. :</subfield><subfield code="b">John A. Keppelman</subfield></datafield><datafield ind1=" " ind2=" " tag="300"><subfield code="a">v.</subfield></datafield><datafield ind1=" " ind2=" " tag="310"><subfield code="a">Weekly</subfield></datafield><datafield ind1="0" ind2=" " tag="362"><subfield code="a">Vol. 59, no. 7 (Jan. 2, 1948)-v. 61, no. 51 (Oct. 25, 1951).</subfield></datafield><datafield ind1=" " ind2=" " tag="500"><subfield code="a">"Of Beautiful Pacific Grove on Monterey Bay" appears in small print below "Tribune," Jan. 2, 1948-May 26, 1950.</subfield></datafield><datafield ind1=" " ind2=" " tag="500"><subfield code="a">Issues for May 12-19, 1950, called: Pacific Grove Tribune.</subfield></datafield><datafield ind1=" " ind2="0" tag="651"><subfield code="a">Pacific Grove (Calif.)</subfield><subfield code="v">Newspapers.</subfield></datafield><datafield ind1=" " ind2="7" tag="655"><subfield code="a">Newspapers.</subfield><subfield code="2">fast</subfield><subfield code="0">(OCoLC)fst01423814</subfield></datafield><datafield ind1=" " ind2="7" tag="651"><subfield code="a">California</subfield><subfield code="z">Pacific Grove.</subfield><subfield code="2">fast</subfield><subfield code="0">(OCoLC)fst01206167</subfield></datafield><datafield ind1=" " ind2=" " tag="752"><subfield code="a">United States</subfield><subfield code="b">California</subfield><subfield code="c">Monterey</subfield><subfield code="d">Pacific Grove.</subfield></datafield><datafield ind1="0" ind2="0" tag="780"><subfield code="t">Pacific Grove tribune</subfield><subfield code="w">(DLC)sn 92069502</subfield></datafield><datafield ind1="0" ind2="0" tag="785"><subfield code="t">Pacific Grove tribune (Pacific Grove, Calif. : 1951)</subfield><subfield code="w">(DLC)sn 98061743</subfield></datafield></record>